@misc{coviddataset,
  author = {Ruan, Guangchun and Zheng, Xiangtian and Wu, Dongqi and Wu, Jiahan and Xie, Le},
  title = {COVID-EMDA+ Dataset},
  year = {2021},
  publisher = {GitHub},
  journal = {GitHub repository},
  howpublished = {\url{https://github.com/tamu-engineering-research/COVID-EMDA}},
}

@misc{kolbe2021wasserstein,
  author = {Noklas Kolbe},
  title = {Wasserstein distance},
  year = {2021},
  publisher = {GitHub},
  howpublished = {\url{https://github.com/nklb/wasserstein-distance}},
  note = {Retrieved June 8, 2021.}
}

@misc{who2021,
  author = {World Health Organization},
  title = {Coronavirus disease (COVID-19) pandemic},
  year = {2021},
  howpublished = {\url{https://www.who.int/emergencies/diseases/novel-coronavirus-2019}},
  note = {Retrieved June 8, 2021.}
}

@article{gillingham2020short,
  title={The Short-run and Long-run Effects of Covid-19 on Energy and the Environment},
  author={Gillingham, Kenneth T and Knittel, Christopher R and Li, Jing and Ovaere, Marten and Reguant, Mar},
  journal={Joule},
  volume={4},
  number={7},
  pages={1337--1341},
  year={2020},
  publisher={Elsevier}
}


@article{le2020temporary,
  title={Temporary reduction in daily global CO 2 emissions during the COVID-19 forced confinement},
  author={Le Qu{\'e}r{\'e}, Corinne and Jackson, Robert B and Jones, Matthew W and Smith, Adam JP and Abernethy, Sam and Andrew, Robbie M and De-Gol, Anthony J and Willis, David R and Shan, Yuli and Canadell, Josep G and others},
  journal={Nature Climate Change},
  volume={10},
  number={7},
  pages={647--653},
  year={2020},
  publisher={Nature Publishing Group}
}

@article{ruan2021quantitative,
  title={Quantitative assessment of US bulk power systems and market operations during the COVID-19 pandemic},
  author={Ruan, Guangchun and Wu, Jiahan and Zhong, Haiwang and Xia, Qing and Xie, Le},
  journal={Applied Energy},
  volume={286},
  pages={116354},
  year={2021},
  publisher={Elsevier}
}

@article{ruan2020cross,
  title={A cross-domain approach to analyzing the short-run impact of COVID-19 on the US electricity sector},
  author={Ruan, Guangchun and Wu, Dongqi and Zheng, Xiangtian and Zhong, Haiwang and Kang, Chongqing and Dahleh, Munther A and Sivaranjani, S and Xie, Le},
  journal={Joule},
  volume={4},
  number={11},
  pages={2322--2337},
  year={2020},
  publisher={Elsevier}
}
